
@article{scikit-learn,
 title={Scikit-learn: Machine Learning in {P}ython},
 author={Pedregosa, F. and Varoquaux, G. and Gramfort, A. and Michel, V.
         and Thirion, B. and Grisel, O. and Blondel, M. and Prettenhofer, P.
         and Weiss, R. and Dubourg, V. and Vanderplas, J. and Passos, A. and
         Cournapeau, D. and Brucher, M. and Perrot, M. and Duchesnay, E.},
 journal={Journal of Machine Learning Research},
 volume={12},
 pages={2825--2830},
 DOI={000000000},
 year={2011}
}
@article{kerber2017geometry,
  title={Geometry helps to compare persistence diagrams},
  author={Kerber, Michael and Morozov, Dmitriy and Nigmetov, Arnur},
  journal={Journal of Experimental Algorithmics (JEA)},
  volume={22},
  pages={1--4},
  year={2017},
   DOI={000000000},
  publisher={ACM}
}
@article{adams2017persistence,
  title={Persistence images: A stable vector representation of persistent homology},
  author={Adams, Henry and Emerson, Tegan and Kirby, Michael and Neville, Rachel and Peterson, Chris and Shipman, Patrick and Chepushtanova, Sofya and Hanson, Eric and Motta, Francis and Ziegelmeier, Lori},
  journal={The Journal of Machine Learning Research},
  volume={18},
  number={1},
  pages={218--252},
  year={2017},
   DOI={000000000},
  publisher={JMLR. org}
}

@article{singh2007topological,
  title={Topological Methods for the Analysis of High Dimensional Data Sets and 3D Object Recognition},
  author={Singh, Gurjeet and Memoli, Facundo and Carlsson, Gunnar},
  year={2007},
  journal={Eurographics Symposium on Point-Based Graphics 22},
   DOI={000000000},
  publisher={The Eurographics Association}
}

@article{ghrist2008barcodes,
  title={Barcodes: the persistent topology of data},
  author={Ghrist, Robert},
  journal={Bulletin of the American Mathematical Society},
  volume={45},
  number={1},
  pages={61--75},
   DOI={000000000},
  year={2008}
}

@MISC {KeplerMapper2017,
    author       = "Hendrik Jacob van Veen and Nathaniel Saul",
    title        = "KeplerMapper",
    howpublished = "http://doi.org/10.5281/zenodo.1054444",
    month        = "nov",
     DOI={000000000},
    year         = "2017"
}

@MISC {overflowPiyush,
    TITLE = {TDA - Persistence diagrams and Barcodes},
    AUTHOR = {Piyush Chawla (https://math.stackexchange.com/users/473477/piyush-chawla)},
    HOWPUBLISHED = {Mathematics Stack Exchange},
    NOTE = {URL:https://math.stackexchange.com/q/2400411 (version: 2017-08-20)},
    EPRINT = {https://math.stackexchange.com/q/2400411},
     DOI={000000000},
    URL = {https://math.stackexchange.com/q/2400411}
}
